<record><leader>00000cas a22000007a 4500</leader><controlfield tag="001">18951268</controlfield><controlfield tag="008">881229d19uu19uupauwr ne      0    0eng d</controlfield><datafield ind1=" " ind2=" " tag="010"><subfield code="a">sn 89077857 </subfield></datafield><datafield ind1=" " ind2=" " tag="040"><subfield code="a">NPH</subfield><subfield code="b">eng</subfield><subfield code="c">NPH</subfield><subfield code="d">OCLCQ</subfield></datafield><datafield ind1="0" ind2=" " tag="130"><subfield code="a">News of Delaware County (Upper Darby, Pa. : Combined ed.)</subfield></datafield><datafield ind1="1" ind2="0" tag="245"><subfield code="a">News of Delaware County.</subfield></datafield><datafield ind1=" " ind2=" " tag="250"><subfield code="a">Combined ed.</subfield></datafield><datafield ind1=" " ind2=" " tag="260"><subfield code="a">Upper Darby, Pa. :</subfield><subfield code="b">Acme Newspapers, Inc.</subfield></datafield><datafield ind1=" " ind2=" " tag="300"><subfield code="a">v. :</subfield><subfield code="b">ill. ;</subfield><subfield code="c">58 cm.</subfield></datafield><datafield ind1=" " ind2=" " tag="310"><subfield code="a">Weekly</subfield></datafield><datafield ind1=" " ind2=" " tag="500"><subfield code="a">"An independent newspaper published weekly on Thursday."</subfield></datafield><datafield ind1=" " ind2=" " tag="500"><subfield code="a">Published in various editions.</subfield></datafield><datafield ind1=" " ind2=" " tag="588"><subfield code="a">Description based on: Vol. 36, no. 38 (Mar. 27, 1969).</subfield></datafield><datafield ind1=" " ind2=" " tag="752"><subfield code="a">United States</subfield><subfield code="b">Pennsylvania</subfield><subfield code="c">Delaware</subfield><subfield code="d">Upper Darby.</subfield></datafield></record>